<record><leader>00000cas a22000007a 4500</leader><controlfield tag="001">9563584</controlfield><controlfield tag="008">830601d19121913ksuwr ne      0    0eng d</controlfield><datafield ind1=" " ind2=" " tag="010"><subfield code="a">sn 83040313 </subfield></datafield><datafield ind1=" " ind2=" " tag="040"><subfield code="a">KSH</subfield><subfield code="b">eng</subfield><subfield code="c">KSH</subfield><subfield code="d">NPT</subfield><subfield code="d">OCLCQ</subfield></datafield><datafield ind1=" " ind2=" " tag="042"><subfield code="a">msc</subfield></datafield><datafield ind1=" " ind2=" " tag="043"><subfield code="a">n-us-ks</subfield></datafield><datafield ind1="0" ind2="0" tag="245"><subfield code="a">La Harpe enterprise and Mildred ledger.</subfield></datafield><datafield ind1=" " ind2=" " tag="260"><subfield code="a">La Harpe, Kan. :</subfield><subfield code="b">C.W. Hubbard,</subfield><subfield code="c">-1913.</subfield></datafield><datafield ind1=" " ind2=" " tag="300"><subfield code="a">v. ;</subfield><subfield code="c">50 cm.</subfield></datafield><datafield ind1=" " ind2=" " tag="310"><subfield code="a">Weekly</subfield></datafield><datafield ind1="0" ind2=" " tag="362"><subfield code="a">-v. 1, no. 52 (Oct. 9, 1913).</subfield></datafield><datafield ind1="1" ind2=" " tag="362"><subfield code="a">Began in 1912?</subfield></datafield><datafield ind1=" " ind2=" " tag="515"><subfield code="a">The numbering of Mildred ledger continues separately i.e. Vol. 4, no. 24 of Mildred ledger is also v. 1, no. 4 of La Harpe enterprise and Mildred ledger.</subfield></datafield><datafield ind1=" " ind2=" " tag="580"><subfield code="a">Formed by the union of: La Harpe enterprise (non-extant), and: Mildred ledger.</subfield></datafield><datafield ind1=" " ind2=" " tag="588"><subfield code="a">Description based on: Vol. 1, no. 14 (Jan. 16, 1913).</subfield></datafield><datafield ind1="1" ind2=" " tag="700"><subfield code="a">Hubbard, C. W.</subfield></datafield><datafield ind1=" " ind2=" " tag="752"><subfield code="a">United States</subfield><subfield code="b">Kansas</subfield><subfield code="c">Allen</subfield><subfield code="d">La Harpe.</subfield></datafield><datafield ind1="1" ind2="4" tag="780"><subfield code="t">Harpe enterprise</subfield></datafield><datafield ind1="1" ind2="4" tag="780"><subfield code="t">Mildred ledger</subfield><subfield code="w">(DLC)sn 83040312</subfield></datafield><datafield ind1="0" ind2="0" tag="785"><subfield code="t">Harpe enterprise (La Harpe, Kan. : 1913)</subfield><subfield code="w">(DLC)sn 83040315</subfield></datafield></record>